@article{HOWLAND1975415,
title = {The Livsic matrix in perturbation theory},
journal = {Journal of Mathematical Analysis and Applications},
volume = {50},
number = {2},
pages = {415-437},
year = {1975},
issn = {0022-247X},
doi = {https://doi.org/10.1016/0022-247X(75)90032-3},
url = {https://www.sciencedirect.com/science/article/pii/0022247X75900323},
author = {James S Howland}
}

@article{Orth1990,
author = {Andreas Orth},
title = {{Quantum mechanical resonance and limiting absorption: the many body problem}},
volume = {126},
journal = {Communications in Mathematical Physics},
number = {3},
publisher = {Springer},
pages = {559 -- 573},
year = {1990},
}

@misc{Macher,
    author = {Stéphane Nonnenmacher},
    year = {2023},
    title = {Lecture Notes for the course
    Introduction to Spectral Theory},
    url = {https://www.imo.universite-paris-saclay.fr/~stephane.nonnenmacher/enseign/Enseignement.html}
}

@misc{Levitt,
    author = {Antoine Levitt},
    year = {2023},
    title = {Mathematical methods in quantum mechanics},
    url = {https://www.imo.universite-paris-saclay.fr/~antoine.levitt/MMQM/}
}


@book{Quantum,
    author = {Claude Cohen-Tannoudji and Franck Laloë and Bernard Diu},
    year = {2018},
    title = {Mécanique Quantique },
    publisher = {EDP Sciences}}

@article{davies,
    author = {Davies, E. B.},
    title = {Markovian master equations},
    journal = {Communications in Mathematical Physics},
    year = 1974
}